@misc{Merriam-Webster:nature,
    author = "{Merriam-Webster}",
    title = "Nature",
    year = "2023",
    howpublished = "\url{https://www.merriam-webster.com/dictionary/nature}",
    note = "[Online; accessed 14-June-2023]"
}
@book{sandell2011friluftssport,
  title={Friluftssport och {\"a}ventyrsidrott:: Utmaningar f{\"o}r l{\"a}rare, ledare och milj{\"o} i en f{\"o}r{\"a}nderlig v{\"a}rld},
  author={Sandell, Klas and Arneg{\aa}rd, Johan and Backman, Erik},
  year={2011},
  publisher={Studentlitteratur}
}
@article{fredman2013friluftsliv,
  title={Friluftsliv i f{\"o}r{\"a}ndring},
  author={Fredman, Peter and Stenseke, M and Sandell, K and Mossing, A},
  journal={Naturv{\aa}rdsverket: Stockholm, Sverige},
  year={2013}
}
@misc{om_rovdjuren,
    author = "{Rovdjurscentret De 5 Stora}",
    title = "Om rovdjuren",
    year = "2023",
    howpublished = "\url{https://www.de5stora.com/om-rovdjuren/}",
    note = "[Online; accessed 08-August-2023]"
}
@article{loynes2020,
  title={The legacy of maps: breaking the link between maps and navigation in order to experience place},
  author={Loynes, Chris},
  journal={Journal of Outdoor and Environmental Education},
  volume={23},
  number={2},
  pages={137--151},
  year={2020},
  publisher={Springer}
}
@article{silen2004,
  title={Problembaserat l{\"a}rande--pedagogisk id{\'e} och metod},
  author={Sil{\'e}n, Charlotte},
  journal={H{\"a}lsouniversitetet, Link{\"o}pings universitet. http://www. hu. liu. se/pbl\_informationsskrift\_farg. pdf},
  year={2004}
}
@misc{checklista,
    author = "{Naturvårdsverket}",
    title = "Checklista för hänsynsfullt friluftsliv",
    howpublished = "\url{https://www.naturvardsverket.se/amnesomraden/friluftsliv/checklista-for-hallbart-friluftsliv/}",
    note = "[Online; accessed 10-August-2023]"
}
